%Entries

@inproceedings{jsonschema,
  author    = {Frozza, Angelo Augusto and Mello, Ronaldo dos Santos and Costa, Felipe de Souza da},
  booktitle = {2018 IEEE International Conference on Information Reuse and Integration (IRI)},
  title     = {An Approach for Schema Extraction of JSON and Extended JSON Document Collections},
  year      = {2018},
  volume    = {},
  number    = {},
  pages     = {356-363},
  doi       = {10.1109/IRI.2018.00060}
}

@article{schemamanagement,
  author     = {Wang, Lanjun and Zhang, Shuo and Shi, Juwei and Jiao, Limei and Hassanzadeh, Oktie and Zou, Jia and Wangz, Chen},
  title      = {Schema Management for Document Stores},
  year       = {2015},
  publisher  = {VLDB Endowment},
  volume     = {8},
  number     = {9},
  issn       = {2150-8097},
  url        = {https://doi.org/10.14778/2777598.2777601},
  doi        = {10.14778/2777598.2777601},
  journal    = {Proc. VLDB Endow.},
  month      = {may},
  pages      = {922â€“933},
  numpages   = {12}
}

